<record><leader>00000cas a2200000 a 4500</leader><controlfield tag="001">11201511</controlfield><controlfield tag="008">840927d18881888ksudr ne      0   a0eng d</controlfield><controlfield tag="009">3789</controlfield><datafield ind1=" " ind2=" " tag="010"><subfield code="a">sn 84029577 </subfield></datafield><datafield ind1=" " ind2=" " tag="040"><subfield code="a">KSH</subfield><subfield code="b">eng</subfield><subfield code="c">KSH</subfield><subfield code="d">NPT</subfield><subfield code="d">OCL</subfield></datafield><datafield ind1=" " ind2=" " tag="042"><subfield code="a">msc</subfield></datafield><datafield ind1="0" ind2="4" tag="245"><subfield code="a">The Evening tribune and evening telegram.</subfield></datafield><datafield ind1="1" ind2="0" tag="246"><subfield code="a">Evening tribune and telegram</subfield></datafield><datafield ind1=" " ind2=" " tag="260"><subfield code="a">Lawrence, Kan. :</subfield><subfield code="b">Tribune Pub. Co.,</subfield><subfield code="c">1888.</subfield></datafield><datafield ind1=" " ind2=" " tag="300"><subfield code="a">1 v. :</subfield><subfield code="b">ill. ;</subfield><subfield code="c">60 cm.</subfield></datafield><datafield ind1=" " ind2=" " tag="310"><subfield code="a">Daily</subfield></datafield><datafield ind1="0" ind2=" " tag="362"><subfield code="a">Vol. 1, no. 1 (July 21, 1888)-v. 1, no. 20 (Aug. 13, 1888).</subfield></datafield><datafield ind1=" " ind2=" " tag="500"><subfield code="a">Published as: Evening tribune and telegram, Aug. 1-13, 1888.</subfield></datafield><datafield ind1=" " ind2=" " tag="500"><subfield code="a">"Republican."</subfield></datafield><datafield ind1=" " ind2=" " tag="580"><subfield code="a">Issued also in weekly edition called: Lawrence tribune, July 21-Aug. 13, 1888.</subfield></datafield><datafield ind1=" " ind2=" " tag="752"><subfield code="a">United States</subfield><subfield code="b">Kansas</subfield><subfield code="c">Douglas</subfield><subfield code="d">Lawrence.</subfield></datafield><datafield ind1="1" ind2=" " tag="775"><subfield code="t">Lawrence tribune</subfield><subfield code="w">(DLC)sn 84029637</subfield></datafield><datafield ind1="0" ind2="4" tag="780"><subfield code="t">Evening telegram (Lawrence, Kan.)</subfield><subfield code="w">(DLC)sn 84029599</subfield></datafield><datafield ind1="0" ind2="4" tag="780"><subfield code="t">Evening tribune (Lawrence, Kan. : 1886)</subfield><subfield code="w">(DLC)sn 84029602</subfield></datafield><datafield ind1="0" ind2="0" tag="785"><subfield code="t">Evening tribune (Lawrence, Kan. : 1888)</subfield><subfield code="w">(DLC)sn 84029612</subfield></datafield></record>